@article{Li2013SpokenLR,
    title = {Spoken Language Recognition: From Fundamentals to Practice},
    author = {Haizhou Li and Bin Ma and Kong-Aik Lee},
    journal = {Proceedings of the IEEE},
    year = {2013},
    volume = {101},
    pages = {1136-1159}
}

@inproceedings{42540,
    title = {Automatic Language Identification using Long Short-Term Memory Recurrent Neural Networks},
    author = {Javier Gonzalez-Dominguez and Ignacio Lopez-Moreno and Hasim Sak},
    year = {2014},
    booktitle = {Interspeech}
}

@article{Tang:2018:PTN:3180719.3180730,
    author = {Tang, Zhiyuan and Wang, Dong and Chen, Yixiang and Li, Lantian and Abel, Andrew and Zhiyuan Tang and Dong Wang and Yixiang Chen and Lantian Li and Abel, Andrew},
    title = {Phonetic Temporal Neural Model for Language Identification},
    journal = {IEEE/ACM Trans. Audio, Speech and Lang. Proc.},
    issue_date = {January 2018},
    volume = {26},
    number = {1},
    month = jan,
    year = {2018},
    issn = {2329-9290},
    pages = {134--144},
    numpages = {11},
    url = {https://doi.org/10.1109/TASLP.2017.2764271},
    doi = {10.1109/TASLP.2017.2764271},
    acmid = {3180730},
    publisher = {IEEE Press},
    address = {Piscataway, NJ, USA},
} 

@inproceedings{inproceedings,
    author = {Shon, Suwon and Ali, Ahmed and Glass, James},
    year = {2018},
    month = {06},
    pages = {98-104},
    title = {Convolutional Neural Network and Language Embeddings for End-to-End Dialect Recognition},
    doi = {10.21437/Odyssey.2018-14}
}

@misc{Conv1DKeras,
    author = {Nils Ackermann},
    title = {Introduction to 1D Convolutional Neural Networks in Keras for Time Sequences},
    howpublished = "https://blog.goodaudience.com/introduction-to-1d-convolutional-neural-networks-in-keras-for-time-sequences-3a7ff801a2cf",
    year = {2018}, 
    note = "[Accessed 15-Nov-2019]"
}

@misc{AdamOptimizer,
    author = {Vitaly Bushaev},
    title = {Adam - latest trends in deep learning optimization},
    howpublished = "https://towardsdatascience.com/adam-latest-trends-in-deep-learning-optimization-6be9a291375c",
    year = {2018}, 
    note = "[Accessed 16-Dec-2019]"
}